@book{menezes1993,
  author    = {Alfred Menezes},
  title     = {Elliptic Curve Public Key Cryptosystems},
  year      = {1993},
  publisher = {Kluwer Academic Publishers},
  isbn      = {0-7923-9368-6}
}

@inproceedings{pedersen1991,
  author    = {Torben Pryds Pedersen},
  title     = {Non-Interactive and Information-Theoretic Secure Verifiable Secret Sharing},
  booktitle = {Annual International Cryptology Conference (CRYPTO)},
  pages     = {129--140},
  publisher = {Springer},
  year      = {1991}
}

@book{thaler2022,
  author    = {Justin Thaler},
  title     = {Proofs, Arguments, and Zero-Knowledge},
  year      = {2022},
  publisher = {Now Publishers},
  series    = {Foundations and Trends{\textregistered} in Privacy and Security},
  volume    = {4},
  number    = {2--4},
  isbn      = {978-1680838681}
}

@misc{cryptoeprint:2024/430,
      author = {Miranda Christ and Foteini Baldimtsi and Konstantinos Kryptos Chalkias and Deepak Maram and Arnab Roy and Joy Wang},
      title = {{SoK}: Zero-Knowledge Range Proofs},
      howpublished = {Cryptology {ePrint} Archive, Paper 2024/430},
      year = {2024},
      url = {https://eprint.iacr.org/2024/430}
}

@inproceedings{bunz2018bulletproofs,
  author    = {Benedikt B{\"u}nz and Jonathan Bootle and Dan Boneh and Andrew Poelstra and Pieter Wuille and Greg Maxwell},
  title     = {Bulletproofs: Short Proofs for Confidential Transactions and More},
  booktitle = {2018 IEEE Symposium on Security and Privacy (SP)},
  pages     = {315--334},
  publisher = {IEEE},
  year      = {2018}
}
