@book{menezes93
  author    = {Alfred Menezes},
  title     = {Elliptic Curve Public Key Cryptosystems},
  year      = {1993},
  publisher = {Kluwer Academic Publishers},
  isbn      = {0-7923-9368-6}
}
